@online{angular2025,
  author = {{Angular Team}},
  title = {Home • Angular},
  year = {2025},
  url = {https://v17.angular.io/docs},
  organization = {Angular}
}

@online{mdnarraybuffer,
  author = {{MDN Web Docs}},
  title = {ArrayBuffer},
  url = {https://developer.mozilla.org/en-US/docs/Web/JavaScript/Reference/Global_Objects/ArrayBuffer},
  organization = {Mozilla}
}

@online{mdnblob,
  author = {{MDN Web Docs}},
  title = {Blob},
  url = {https://developer.mozilla.org/en-US/docs/Web/API/Blob},
  organization = {Mozilla}
}

@online{mdncanvas,
  author = {{MDN Web Docs}},
  title = {Canvas API},
  url = {https://developer.mozilla.org/en-US/docs/Web/API/Canvas_API},
  organization = {Mozilla}
}

@online{cursoangular2025,
  author = {Herrera, Fernando},
  title = {Curso Angular},
  year = {2025},
  url = {https://www.udemy.com/course/angular-2-fernando-herrera/},
  publisher = {Udemy}
}

@online{wikifisheryates,
  author = {{Wikipedia contributors}},
  title = {Fisher--Yates shuffle},
  date = {2025-05-31},
  url = {https://en.wikipedia.org/wiki/Fisher–Yates_shuffle},
  urldate = {2025-06-08},
  organization = {Wikipedia, The Free Encyclopedia}
}

@online{stackoverflowshuffle,
  author = {{Stack Overflow contributors}},
  title = {How to randomize (shuffle) a JavaScript array?},
  url = {https://stackoverflow.com/questions/2450954/how-to-randomize-shuffle-a-javascript-array},
  organization = {Stack Overflow}
}

@online{lofty,
  title = {Lofty - Rust},
  url = {https://docs.rs/lofty/latest/lofty/},
  organization = {Docs.rs}
}

@online{rusqlite,
  author = {{Rusqlite contributors}},
  title = {rusqlite/rusqlite: Ergonomic bindings to SQLite for rust},
  url = {https://github.com/rusqlite/rusqlite},
  organization = {GitHub}
}

@online{youtuberust2024,
  author = {{Programming Channel}},
  title = {Rust programming full course | Learn ⚙️ in 2024},
  date = {2024-05-21},
  url = {https://youtu.be/rQ_J9WH6CGk?si=GBTKkMXJuvvyq208},
  publisher = {YouTube}
}

@online{fontawesome,
  author = {{Font Awesome Team}},
  title = {SVGs Used},
  url = {https://fontawesome.com/},
  organization = {Font Awesome}
}

@online{tailwind2025,
  author = {{Tailwind CSS Team}},
  title = {Rapidly build modern websites without ever leaving your HTML},
  year = {2025},
  url = {https://tailwindcss.com},
  organization = {Tailwind CSS}
}

@online{walkdir,
  title = {Walkdir - Rust},
  url = {https://docs.rs/walkdir/2.2.9/walkdir/},
  organization = {Docs.rs}
}

@online{tauri2024,
  author = {{Tauri Team}},
  title = {What is Tauri?},
  date = {2024-10-01},
  url = {https://v2.tauri.app/start/},
  organization = {Tauri}
}

@online{mdnpadStart,
  author = {{MDN Web Docs}},
  title = {String.prototype.padStart()},
  url = {https://developer.mozilla.org/en-US/docs/Web/JavaScript/Reference/Global_Objects/String/padStart},
  organization = {Mozilla}
}

@online{mermaid,
  author = {{Mermaid Team}},
  title = {Mermaid},
  url = {https://mermaid.js.org/}
}

@standard{IEEE830,
  title        = {IEEE Recommended Practice for Software Requirements Specifications},
  organization = {IEEE Computer Society},
  number       = {830-1998},
  year         = {1998}
}